% Hier kommen Referenzen hinein
%
@book{troeltzsch,
  title     = {Nichtlineare Optimierung},
  author    = {Tröltzsch, Fredi},
  series    = {Vorlesungsskript},
  publisher = {Technische Universität Berlin},
  year      = {2011}
}
@book{alt,
  title     = {Nichtlineare Optimierung: Eine Einführung in Theorie, Verfahren und Anwendungen},
  author    = {Alt, Walter},
  year      = {2011},
  publisher = {Vieweg+Teubner},
  edition   = {2nd}
}
@book{ito,
  title     = {Lagrange Multiplier Approach to Variational Problems and Applications},
  author    = {Ito, Kazufumi and Kunisch, Karl},
  publisher = {Society for Industrial and Applied Mathematics},
  year      = {2008}
}
@book{ulbrich,
  title     = {Semismooth Newton Methods for Variational Inequalities and Constrained Optimization Problems in Function Spaces},
  author    = {Ulbrich, Michael},
  publisher = {Society for Industrial and Applied Mathematics and the Mathematical Optimization Society},
  year      = {2011}
}
@book{nocedal,
  title     = {Numerical Optimization},
  author    = {Nocedal, Jorge and Wright, Stephen J.},
  publisher = {Springer-Verlag},
  year      = {2006},
  edition   = {2nd}
}
@book{antoniou,
  title     = {Practical Optimization: Algorithms and Engineering Applications},
  author    = {Antoniou, Andreas and Lu, Wu-Sheng},
  year      = {2007},
  publisher = {Springer-Verlag New York Inc}
}
@book{hock,
  title     = {Test Examples for Nonlinear Programming Codes},
  author    = {Hock, W. and Schittkowski, K.},
  series    = {Volume 187 of Lecture Notes in Economics and Mathematical Systems},
  year      = {1981},
  publisher = {Springer-Verlag}
}
@book{wilson,
  title     = {A Simplicial Algorithm for Concave Programming},
  author    = {Wilson, R. B.},
  series    = {PhD Thesis},
  year      = {1963},
  publisher = {Graduate School of Business Administration, Harvard University, Boston}
}